3082 5076
627 357 828 411 SCHEDULA
852 356 1047 408 NOMINUM.

447 538 590 622 [Nomina
611 546 805 604 necandorum
826 553 854 604 et
871 540 1229 623 excommunicandorum]

274 673 319 735 Hi
332 684 402 734 sunt
429 673 579 735 uocandi¹
595 720 603 737 .
618 673 798 736 Guillelmus
826 676 865 736 de
893 676 969 736 arcis
990 720 998 736 .
1019 675 1112 736 Filius
1138 673 1284 736 huberti.
1306 674 1448 752 Rogems

234 754 382 816 arundel.
397 755 576 818 Guillelmus
606 756 645 816 de
672 767 791 819 uernu.
811 755 844 816 hi
872 768 940 817 sunt
969 755 1274 817 excommunicandi.
1291 756 1448 817 Robertus

234 836 312 898 filius
330 836 468 914 helgonis
482 837 681 898 ,Guillelmus
700 839 740 899 de
757 836 869 916 poileio
883 883 891 900 .
903 837 1068 899 Gunfridus
1087 836 1125 898 de
1144 837 1248 899 falesia
1263 837 1448 899 ‚Gualterus

236 918 384 979 diaconus
412 919 451 979 de
475 928 581 979 sancto
601 917 774 979 leodecario
789 965 797 981 .
811 919 967 980 herbertus
995 920 1035 980 de
1059 916 1261 980 totsimiliter.
1278 917 1447 980 Goiffridus

237 998 276 1060 de
297 1006 386 1060 come
399 998 442 1059 uit
454 1046 460 1060 .
474 996 551 1059 Filia
571 998 702 1060 heltonis
714 1047 721 1061 .
733 999 810 1061 Filia
831 998 1007 1078 ansguoldi.
1019 998 1167 1060 Ricardus
1188 999 1228 1060 de
1251 1000 1353 1061 sonte.
1368 998 1449 1060 Filia

237 1077 407 1142 benzelini.
422 1080 569 1140 Radulius
594 1082 634 1141 de
662 1088 808 1158 argento.
825 1083 874 1143 De
902 1080 1020 1142 filiabus
1048 1081 1229 1158 ansguoldi.
1244 1081 1288 1158 q²
1316 1100 1449 1158 quarum

236 1181 328 1222 unam
367 1162 460 1222 habet
493 1158 642 1222 Ricardus
666 1205 674 1222 .
697 1163 823 1224 alteram
857 1160 1042 1224 Gislebertus
1065 1209 1073 1225 .
1097 1162 1244 1224 Monachi
1284 1162 1448 1240 pecuniam

235 1244 391 1308 habentes.

270 1401 278 1430 ¹
297 1402 359 1451 This
370 1400 411 1451 list
423 1400 452 1450 oi
459 1414 563 1464 persons
575 1407 602 1450 to
612 1399 645 1450 be
656 1399 807 1450 summoned
817 1399 868 1450 end
878 1400 1111 1450 excommunieeted
1124 1401 1146 1451 is
1157 1401 1257 1452 written
1268 1416 1301 1451 on
1313 1401 1356 1452 the
1369 1402 1452 1453 lower

237 1466 390 1582 ριξὶἓίὧοὲῐ
401 1464 671 1582 ῐιέἆέπὶεηῶξιῗὲξὲῐ
681 1465 773 1527 hands)
786 1465 815 1516 oi
823 1466 866 1517 the
878 1466 953 1516 letter
964 1474 1019 1530 part
1031 1466 1060 1516 oi
1069 1466 1112 1516 the
1127 1467 1185 1517 11th
1196 1475 1308 1532 century.
