925 1425
190 168 213 180 126
300 168 329 181 DE
339 168 406 181 SACRI-5·
416 169 522 182 ORDINIBUS
532 169 684 182 BENEBICEA'DIS.

189 211 233 227 inter
247 216 295 226 sacra
311 210 374 227 iussisti
385 223 389 227 .
401 212 419 227 ut
438 210 565 231 intellegentia
583 216 651 227 sensum
667 211 689 227 de
703 211 797 232 exemplo'·

189 233 263 253 priorum
279 235 346 253 caperet
364 234 441 248 secutura
460 233 602 253 posteritas.nec
616 233 689 249 eruditio
706 233 796 249 doctrinae

189 257 229 270 tuae
242 254 271 270 ulli
286 254 353 270 deesset
368 254 433 271 aetati.
442 259 481 270 cum
493 255 538 275 apud
553 256 618 270 uetera
632 255 743 271 reuerentiam
757 255 796 276 ipsa

190 276 333 297 significationum
345 276 409 296 species
421 276 516 296 optineret.
525 278 542 292 et
554 278 596 297 aput
608 281 639 292 nos
654 276 725 293 certiora
737 279 796 293 essent

189 298 306 319 experimenta
318 302 372 313 rerum
380 310 385 314 .
392 303 444 318 quam
454 298 541 318 enigmata
550 297 641 319 figurarum
649 311 653 314 .
662 298 709 314 Illius
720 303 796 319 namque

188 319 278 336 sacerdotii
297 319 384 335 anterioris
402 319 458 335 abitus
475 322 542 336 nostrae
559 320 621 336 mentis
642 322 711 336 ornatus
730 322 794 337 est.et

188 341 301 362 pontificalem
311 340 381 362 gloriam
391 346 425 357 non
435 341 469 357 iam
479 341 527 357 nobis
536 341 590 357 honor
600 342 710 358 commendat
719 342 793 358 uestium

188 363 219 379 sed
237 363 317 384 splendor
333 363 486 383 animarum.quia
505 365 522 379 et
537 363 565 379 illa
580 368 624 384 quae
642 366 682 379 tunc
697 364 794 380 carnalibus

187 384 318 401 blandiebantur
331 385 418 400 obtutibus
431 390 451 401 ea
463 385 519 405 potius
533 390 576 405 quae
588 386 605 401 in
617 385 657 406 ipsis
669 388 716 401 erant
728 386 794 402 intelle-

188 407 245 428 genda
258 406 350 427 poscebant
358 418 362 422 .
371 407 443 422 Proinde
455 406 495 422 huic
507 407 571 422 famulo
584 409 614 423 tuo
629 412 679 428 quem
695 407 716 423 ad
730 408 793 423 summi

188 428 276 444 sacerdotii
287 428 396 444 ministerium
405 428 470 449 elegisti
477 440 480 444 .
487 429 530 444 hanc
540 433 632 449 quesumus
641 428 710 445 domine
720 429 793 450 gratiam

188 450 264 471 largiaris
272 462 276 467 ,
284 452 303 466 ut
314 450 394 471 quicquid
405 450 434 466 illa
445 450 529 466 uelamina
541 451 558 466 in
571 450 637 471 fulgore
650 451 686 466 auri
695 463 699 467 .
708 451 725 466 in
737 451 793 467 nitore

188 476 293 493 gemmarum
302 484 305 488 .
313 472 330 487 in
345 471 440 488 multimodi
452 471 515 492 opelris
527 472 622 492 uarietate†
637 472 693 493 signa-
709 471 745 494 [fol.
757 473 793 493 146.

188 494 230 510 bant
236 506 240 510 .
245 494 278 509 hoc
285 492 311 509 in²
319 493 354 509 eius
363 493 437 509 moribus
445 494 544 514 actibusque
551 493 640 510 clarescat.
646 494 718 515 Comple
724 494 794 510 domine

189 516 206 531 in
221 515 308 531 sacerdote
321 518 351 531 tuo
367 515 442 536 mysterii
453 515 479 531 tui
492 518 610 532 summam.et
622 516 725 532 ornamentis
740 516 793 532 tot-ius

189 537 315 558 glorificationis
323 537 423 553 instructum
431 542 470 553 eum
478 537 556 553 caelestis
563 537 644 558 unguenti
653 537 694 553 flore
701 537 794 554 sanctifica.

303 575 338 592 Hic
348 575 443 596 uffimhtur
454 576 505 592 oleum
517 578 565 596 super
575 578 622 596 capul
633 575 679 592 tim:⁸

192 606 255 637 HOc
273 605 341 621 domine
360 605 427 626 copiose
443 605 460 621 in
478 605 514 621 eius
529 607 580 626 caput
598 605 668 621 influat.
677 605 709 621 hoe
727 605 743 621 in
760 606 794 621 oris

250 627 325 643 subiecta
338 627 426 643 decurrat.
436 627 476 643 Hoc
487 627 503 643 in
515 627 567 643 totius
582 627 656 648 eorporis
671 630 748 644 extrema
762 627 792 643 de-

189 650 258 667 scendat
266 662 269 665 .
277 652 296 665 ut
313 649 338 665 tui
357 649 425 669 spiritus
437 649 490 665 uirtus
498 661 501 665 .
509 651 527 665 et
541 649 621 665 interiora
638 649 673 665 eius
691 649 754 670 repleat
763 661 767 665 .
775 652 793 665 et

189 672 272 688 exteriora
287 671 323 687 eius
338 671 458 691 circumtegat.
468 670 549 686 Abundet
565 671 581 686 in
597 676 617 686 eo
632 671 727 687 constantia
741 670 792 687 fidei.

189 694 253 716 puritas
264 693 359 709 dilectionis
367 705 371 709 ,
379 693 465 709 sinceritas
480 693 526 714 pacis
534 705 538 708 .
547 692 585 709 Sint
596 693 666 714 speciosi
680 697 749 709 munere
762 694 793 709 tuo

223 722 241 732 es
249 716 284 732 elus
295 716 317 731 ad
325 715 475 736 euangelizandam
483 720 542 736 pacem
549 727 552 731 .
558 715 580 731 ad
588 715 738 736 euangelizaodum
746 715 793 731 bona

189 741 230 755 tua.
239 738 267 754 Da
281 738 297 753 ei
312 737 380 753 domine
396 736 507 758 mysterium*
518 737 657 753 reconciliationis
673 737 689 753 in
705 737 760 753 uerbis
775 740 793 753 et

189 760 248 776 sactis.
258 762 275 776 et
290 759 380 775 uirtutibus
388 771 392 775 .
400 761 417 775 et
434 759 486 779 signis
501 761 519 774 et
534 759 615 779 prodigiis
623 770 627 774 .
636 758 662 775 Sit
674 763 729 775 sermo
744 759 791 775 eiua.

190 781 219 798 et¹
237 781 329 803 predicatio
347 786 381 797 non
400 781 417 797 in
439 780 575 801 persuasibilibus
597 780 681 796 humanae
700 780 793 801 sapientiae

189 803 294 820 uerbis.sed
310 803 326 818 in
343 803 438 819 ostensione
453 802 521 823 spiritus
537 805 554 818 et
568 802 640 818 uirtute.
650 802 677 818 Da
692 803 707 818 ei
723 802 792 818 domine

190 825 253 847 (claues
261 825 307 845 regni
314 825 398 840 caelorum
407 837 410 840 .
417 827 474 840 utatur
481 829 512 840 nec
520 824 600 844 glorietur
607 826 691 845 potestate
700 823 735 845 [fol.
744 824 791 844 ¹46v.

189 852 240 868 quam
250 847 308 863 tribuis
319 846 336 862 in
346 846 501 862 edificationem.et
512 851 546 862 non
556 846 573 861 in
583 846 713 862 destructionem
720 857 724 862 .
733 845 792 867 Quod-

189 873 262 889 cumque
277 868 354 889 ligauerit
371 873 420 888 super
438 870 500 884 terram
515 868 538 883 sit
555 867 625 888 ligatum
638 869 656 883 et
671 867 688 883 in
703 867 753 883 caelis
762 879 765 884 .
774 870 792 883 et

190 891 308 912 quodcumque
321 890 390 906 soluerit
403 895 454 910 super
469 892 530 905 terram
539 902 542 905 .
551 890 572 905 sit
587 889 661 905 solutum
672 892 689 905 et
701 889 717 905 in
729 889 779 905 caelis
787 902 791 905 .

190 913 266 934 Quorum
278 912 368 928 detinuerit
381 914 449 932 peccata
461 912 530 927 detenta
543 911 588 927 sint.
596 913 613 927 et
624 916 695 931 quorum
710 911 792 927 dimiserit

189 937 209 950 tu
222 934 297 950 dimittas
305 945 310 949 .
318 933 352 954 Qui
367 933 473 949 benedixerit
484 933 499 948 ei
514 933 536 949 sit
551 933 660 949 benedictus.
669 935 686 949 et
699 933 727 953 qui
739 932 791 949 male-

190 956 252 972 dixerit
259 956 274 971 ei
283 955 427 971 maledictionibus
435 955 527 975 repleatur.
535 954 561 970 Sit
567 954 621 971 fidelis
629 960 686 970 seruus
693 957 710 971 et
717 955 791 975 prudens

190 983 240 999 quern
252 977 343 993 constituas
355 976 453 993 dominum*
465 981 515 997 super
526 976 606 992 familiam
622 979 668 992 tuam
676 988 680 993 .
689 978 707 992 ut
718 977 748 992 det
758 976 791 992 illis

189 1000 245 1016 cubum
259 999 276 1015 in
289 1001 365 1019 tempore
380 998 485 1014 necessario'
492 1009 496 1014 .
505 1000 522 1014 et
533 998 614 1014 exhibeat
625 1003 692 1014 omnem
704 998 790 1014 hominem

189 1021 282 1043 perfectum
288 1033 292 1037 .
299 1020 325 1037 Sit
336 1020 449 1036 sollicitudine
460 1020 539 1041 impiger.
546 1020 567 1035 sit
579 1020 637 1041 spiritu
649 1020 714 1036 feruens
720 1032 724 1036 .
731 1019 791 1036 Oderit

189 1042 364 1064 superbiam.diligat
379 1042 479 1058 ueritatem.
488 1047 518 1058 nec
533 1047 570 1058 eam
585 1047 666 1062 umquam
680 1041 746 1058 deserat
761 1044 790 1058 aut

189 1063 298 1081 lassitudine⁷
310 1067 339 1080 aut
347 1064 406 1080 timore
417 1066 514 1085 superatus.
522 1064 561 1079 Non
572 1067 625 1084 ponar
636 1063 690 1079 lucem
701 1063 778 1079 tenebras
787 1075 790 1079 .

205 1099 210 1106 ¹
219 1098 273 1111 Aliud
278 1100 292 1111 10
297 1101 330 1110 mm
343 1098 358 1110 is.
505 1097 511 1105 ¹
520 1097 593 1110 [uterlined.

205 1115 211 1122 ¹
219 1115 232 1127 Α
238 1115 280 1127 num
289 1115 320 1127 latu
354 1114 362 1126 d
368 1114 395 1130 (the
402 1117 436 1126 mne
442 1117 456 1126 u
461 1113 488 1126 thnt
494 1113 509 1126 ns
514 1113 527 1126 ff,
534 1113 607 1130 83v.-85v.)
612 1113 635 1126 hu
642 1113 684 1126 added
692 1113 705 1126 iu
711 1113 733 1126 the
775 1113 794 1128 ἰ,

190 1132 199 1138 ¹¹
204 1131 230 1144 flu
236 1133 276 1143 mvm
282 1134 325 1143 vocem
332 1140 336 1143 .
342 1131 386 1143 dimus
391 1139 395 1142 .
401 1132 465 1146 ungu-tur
470 1132 483 1142 ει
488 1132 567 1142 :manetur
574 1134 588 1142 n
598 1132 611 1142 ut
618 1139 621 1142 .
628 1133 667 1146 vrqu:
672 1133 709 1142 nmen
715 1138 719 1142 .
727 1130 752 1142 Ριι
758 1131 763 1142 ι
768 1129 782 1142 bl
787 1139 791 1142 .

189 1150 202 1160 et
209 1151 239 1160 :nn
247 1147 292 1164 :piritu
301 1146 337 1160 tuo-¹⁷
353 1147 369 1159 ln
375 1147 397 1159 Hae
402 1146 444 1159 morie
450 1146 476 1159 Ha}
481 1146 581 1162 eſj'uudaturins
603 1150 619 1158 en
624 1146 672 1159 altered
678 1148 691 1159 ιο
696 1145 772 1162 destined-l.

205 1164 212 1187 ⁴·
218 1164 242 1192 Izi
248 1163 334 1192 ministeriugn.
343 1179 410 1192 'mum-‘d
416 1179 436 1191 ud
441 1181 501 1195 aponum
511 1163 516 1170 ¹
525 1163 537 1175 Α
542 1163 574 1175 later
579 1162 613 1175 tund
619 1162 642 1175 hu
647 1162 714 1175 interlined
719 1162 747 1175 du.

243 1184 250 1192 ι
256 1184 269 1192 α
275 1179 308 1192 tund
323 1184 337 1192 u
343 1184 347 1192 ι
501 1188 505 1191 .

206 1196 210 1203 '
219 1196 251 1209 Thi·
257 1196 292 1209 word
297 1196 320 1209 hu
326 1196 358 1209 been
363 1195 443 1211 underlinrd,
449 1195 476 1208 md
481 1195 539 1208 laudibm
544 1195 618 1208 substituta!
624 1195 641 1211 by
647 1199 655 1207 a
660 1194 692 1208 later
697 1194 736 1207 lund-
