925 1425
179 174 184 183 Ι
187 171 203 187 36
371 171 492 184 BENEDICTm
505 171 592 184 VIRGINIS.

180 211 248 232 spiritus
258 211 351 232 sapientiae
362 214 380 228 et
391 210 495 233 intelleestus
502 223 506 228 .
514 211 582 232 spiritus
592 211 657 227 consilii
670 213 687 227 et
699 210 734 232 [sol.
747 214 784 231 157.

181 233 294 249 fortitudinis.
302 233 369 254 spiritus
385 233 466 250 scientiae
482 235 499 249 et
513 233 581 254 pietatis
589 245 593 249 .
602 232 666 253 repleat
683 235 700 249 be
714 233 784 254 spiritus

181 255 246 271 timoris
264 255 329 271 domini
340 267 345 271 .
355 255 432 276 fragilem
451 255 512 271 solidet
521 266 525 271 .
536 255 628 271 inualidam
648 254 716 271 roboret
725 266 730 271 .
741 254 783 270 uali-

181 277 255 298 damque
273 277 362 293 confirmet
371 289 375 293 .
385 277 448 298 pietate
468 276 530 293 alleuet
540 289 544 293 .
553 276 660 293 miseratione
680 278 768 292 conseruet
778 288 782 292 .

183 301 257 315 mentem
275 301 323 319 regat
330 311 334 315 ,
343 299 379 314 uias
397 299 460 319 dirigat
467 310 472 314 .
480 298 590 319 cogitationes
609 300 676 314 sanctu
694 298 772 314 instituat
779 310 784 314 .

182 323 230 336 actus
243 320 304 342 probet
310 332 314 337 .
320 325 371 341 opera
386 320 462 341 perficiat
468 332 473 337 .
479 320 548 336 caritate
564 320 630 340 edificet
636 332 640 336 .
646 320 729 341 sapientia
741 320 785 336 inlu-

184 342 236 358 minet
247 354 252 359 .
261 342 339 358 castitate
362 342 428 358 muniat
435 354 440 359 .
449 342 519 358 seientia
540 342 612 358 instrunt
618 354 622 358 .
631 341 665 358 fide
686 341 742 358 firmet
749 354 753 358 .
763 341 784 357 In

183 364 245 380 uirtute
257 364 368 385 multiplicet.
376 364 394 380 in
406 364 497 380 sanctitate
507 363 586 380 sublimet
593 375 597 380 .
605 364 626 379 ad
637 363 735 384 patientiam
747 368 786 384 pre-

184 388 232 406 paret
239 398 243 402 .
251 386 273 401 ad
287 386 412 402 oboedientiam
425 386 487 402 subdat
494 398 498 402 .
507 385 527 401 In
542 385 637 401 humilitate
648 387 742 406 prosternat
749 396 754 401 .
761 385 785 401 ad

184 407 304 423 continentiam
316 407 346 424 det
357 407 473 423 fortitudinem
480 420 484 423 .
493 407 552 423 reddat
567 407 640 423 sobi-iarn
651 419 655 423 .
665 409 743 428 protegat
754 412 786 427 pu-

184 429 240 445 dicam
246 441 250 445 .
257 429 278 445 In
288 429 385 445 infirmitate
394 429 450 445 uisitet
458 441 463 446 .
471 429 489 445 in
498 429 556 445 dolore
563 429 635 445 releuet.
645 429 664 445 In
673 429 786 449 temptatione

184 451 238 472 erigat
245 462 249 467 .
258 451 275 467 in
290 451 416 467 conuersatione
431 451 516 467 custodiat
522 463 526 467 .
534 451 551 467 in
566 450 677 472 prosperitate
691 452 775 471 temperet
782 462 786 466 .

185 473 202 488 in
213 472 300 488 iracundia
310 473 376 494 mitiget
384 484 389 489 .
397 473 503 493 iniquitatem
515 473 594 488 emendet
600 484 605 488 .
613 472 691 488 infundat
702 472 774 493 gratiam
782 484 786 488 .

185 495 260 510 remittat
274 494 349 511 offensa.
357 495 420 511 tribuat
434 494 553 515 disciplinam.
563 496 582 510 ut
594 494 620 510 his
633 497 650 510 et
663 494 689 510 his
703 493 787 510 similibus

186 516 275 532 uirtutibus
284 516 327 532 fulta
334 528 338 533 .
346 518 364 532 et
371 516 433 532 sanctis
443 516 522 537 operibus
531 516 619 532 inlustrata
626 528 630 532 .
638 515 667 532 mn
678 520 744 536 semper
751 518 787 532 stu-

185 538 226 554 deas
233 543 283 558 agere
290 543 334 559 quae
340 538 393 559 digna
400 538 442 555 fiant
452 538 477 559 lin
486 538 620 554 remuneratione
626 549 631 554 .
640 537 690 554 Illum
698 537 733 558 [fol.
740 541 787 558 157v.

185 559 248 575 habea:
263 562 323 576 testem
338 565 389 580 quern
403 560 481 576 habitura
494 559 512 576 es
525 560 608 576 iudicem.
616 562 634 576 et
646 562 704 580 aptare
716 561 736 575 ut
749 564 788 580 pre-

186 581 277 602 sulgentem
290 584 346 602 gestes
359 582 375 597 in
389 587 440 598 rnanu
453 582 561 602 lampadem.
569 581 650 598 intratura
663 581 720 602 sponsi
733 581 788 597 thala-

186 608 232 619 mum
243 608 320 619 occurras
327 616 331 619 .
338 604 412 619 uenienti
424 608 462 619 cum
476 604 539 624 gaudio
547 615 550 619 .
558 605 576 619 et
589 603 630 619 nihil
644 603 661 619 in
672 605 690 619 te
703 603 788 623 repperiat

186 625 267 641 ioetidum
275 636 279 641 .
287 625 328 641 nihil
347 625 434 641 sordidum
441 637 445 641 .
455 625 496 641 nihil
515 625 596 641 incultum
605 637 610 641 .
618 624 659 641 nihil
678 627 774 645 corruptum
783 636 787 640 .

186 646 226 662 nihil
238 647 345 663 inhonestum
352 659 356 664 .
364 647 394 663 sed
406 647 473 663 niueam
482 649 500 663 et
510 647 600 663 candidam
610 647 684 662 animam
694 651 788 667 corpusque

186 668 259 684 lucidum
274 671 325 689 atque
343 668 451 689 splendidum
459 681 462 685 .
472 671 490 685 ut
505 674 543 684 cum
558 669 594 684 dies
609 668 637 684 ille
651 668 748 684 tremendus
763 673 788 683 re-

186 690 306 706 numerationis
314 690 395 706 iustorum
403 703 407 707 .
416 691 562 711 retributionisque
569 690 651 706 malorum
659 690 746 706 aduenerit
753 694 787 705 non

187 713 261 729 inueniat
276 713 293 729 in
308 715 325 729 te
338 713 390 729 ultn'x
404 713 473 730 flamma
488 714 533 734 quod
547 713 647 732 uret†.sed
662 713 720 728 diuina
735 711 789 733 pietas

186 735 232 755 quod
245 737 314 751 coronet
321 747 325 751 .
333 740 384 755 quam
397 735 430 751 iam
444 736 461 751 in
474 735 506 751 hoc
517 735 584 751 saeculo
595 734 700 751 conuersatio
711 734 789 755 religiosa

187 756 285 773 mundauit.
295 759 314 773 ut
323 757 397 773 tribunal
408 757 472 773 aeterni
483 757 527 778 regis
539 761 628 773 ascensura
638 756 716 777 celsaque
727 756 790 777 palatia

186 783 225 794 cum
230 778 293 794 eisdem
300 778 377 794 merearis
385 779 480 799 portionem
488 779 516 799 qui
522 781 614 799 sequuntur
620 783 682 799 agnum
687 790 692 793 .
697 780 714 794 et
720 779 790 794 amant

187 800 271 816 canticum
279 805 342 816 nouum
350 801 386 816 sine
397 801 491 817 cessatione
499 800 538 816 illuc
548 803 647 821 perceptum
657 800 739 821 premium
750 803 789 820 post

188 821 261 837 laborem
270 833 273 838 .
281 827 381 843 semperque
393 827 462 838 maneas
476 823 493 838 in
505 823 591 838 uiuentum
603 822 672 843 regione
679 833 683 838 .
691 824 743 842 atque
753 821 790 842 ipse

187 843 276 860 benedicat
290 846 308 860 te
323 844 344 860 de
360 844 411 860 caelis
426 844 462 865 [qui
478 849 508 865 per
526 844 579 860 crucis
596 844 691 864 passionem
706 843 743 864 [fol.
753 843 789 863 158,

187 865 279 881 humanum
292 870 345 886 genus
352 868 378 882 est
388 866 467 887 dignatus
475 866 556 882 redimere
567 866 584 882 in
595 866 642 882 terris
651 865 707 881 ihesus
718 865 790 881 christus

187 887 265 903 dominus
277 890 343 903 noster.
352 888 380 908 qui
395 893 434 904 cum
451 890 520 904 aeterno
535 890 582 909 parre
597 890 614 903 et
627 887 686 908 spiritu
699 889 757 902 sancto
773 887 790 902 in

187 908 262 924 trinitare
273 909 348 930 perfecta
359 909 401 926 uiuit
413 913 430 925 et
441 912 501 930 regnat
513 910 530 925 in
541 909 601 926 secula.

466 988 481 1004 A
484 988 511 1004 lia.

189 1027 321 1060 OMnipotens
329 1027 451 1048 sempiternae†
459 1028 510 1044 deus*
518 1028 580 1044 adiuua
590 1033 640 1048 quam
649 1028 751 1049 uirginitatis
760 1029 790 1045 ho-

245 1054 286 1065 nore
296 1049 375 1070 dignatus
387 1049 405 1065 ές
417 1050 496 1065 decorare
504 1062 507 1066 .
515 1050 587 1070 perferat
599 1050 672 1066 inchoati
683 1050 739 1071 operis
750 1056 790 1067 con-

187 1073 291 1088 summatum
303 1071 381 1087 effectum
389 1083 393 1088 .
401 1074 418 1088 et
426 1075 504 1087 uotorum
513 1077 580 1087 suorum
588 1072 670 1092 expediat
681 1072 777 1088 institutum
785 1084 790 1089 .

187 1093 299 1114 uirginalique
319 1093 378 1109 habitu
397 1093 481 1114 perserat¹
499 1093 530 1109 tibi
549 1093 608 1109 offerat
630 1093 752 1114 plenitudinem
760 1106 764 1110 .
772 1097 790 1110 et

187 1115 236 1131 initia
250 1120 282 1131 sua
297 1115 388 1136 perducere
403 1118 487 1131 mereatur
502 1115 522 1131 ad
540 1115 591 1131 finem
600 1127 604 1132 .
613 1118 632 1131 ut
647 1118 714 1132 matura
728 1116 792 1132 sancti-

187 1137 254 1153 moniae
268 1136 344 1153 cumulet
359 1137 457 1153 meritust
473 1137 587 1153 centenarium
602 1142 663 1153 munus
679 1138 700 1154 de
715 1138 791 1158 perfecto

186 1158 266 1179 agnnae†
277 1159 379 1179 uirginitatis
392 1159 463 1179 accipiat
471 1171 475 1175 .
483 1164 513 1180 per
520 1159 615 1176 dominum.

403 1193 407 1201 ¹
417 1193 472 1210 Perhaps
478 1193 498 1206 for
501 1193 572 1210 pasmm.
