925 1425
187 166 211 179 134
362 163 469 176 ORDINATIO
479 163 618 175 MDNACHORUM

188 203 242 219 salute
254 203 320 219 animae
333 208 374 219 suae
386 203 436 219 fuerit
449 203 549 224 deprecatus
563 203 655 220 obtineat.
666 203 689 220 sit
703 203 740 220 uita
754 208 794 224 pro·-

188 225 261 241 babilis.
269 225 292 241 sit
303 225 370 245 sapiens
381 227 398 241 et
409 224 491 241 humilis.
499 225 522 241 sit
532 225 602 241 scientia
614 230 675 241 uerus.
683 225 793 242 oboedientia

187 246 256 263 clarus.
263 247 365 263 conueniens
380 247 397 262 in
408 247 496 263 doctriua.
504 247 521 262 in
533 246 682 268 increpastionihus
696 246 733 273 [fol.
743 250 793 268 154v.

188 268 279 284 immobilis
291 280 296 285 .
308 268 325 284 in
338 269 422 289 grauitate
434 269 519 285 decorus.
533 269 550 284 in
566 269 644 289 passione
658 269 744 290 piissimus
756 281 762 285 .
775 269 792 285 in

188 290 286 311 operatione
293 292 366 306 mutus.
374 290 391 306 iu
399 290 510 311 dispositione
521 290 613 306 sollicitus.
621 290 639 306 in
650 290 793 311 temptationibus

188 312 235 328 furtis
244 323 249 328 .
257 312 274 328 in
285 312 349 328 iniuriis
360 312 425 332 patiens
432 324 437 328 .
444 312 461 328 in
473 317 515 333 pace
527 312 571 328 fixus
579 324 584 328 .
593 312 609 328 in
620 312 716 328 elemosinis
723 317 794 333 promp-

187 336 216 349 tus
227 345 233 350 .
244 333 261 349 in
276 333 379 350 emtionibus
391 334 468 354 frequens
477 346 481 350 .
489 334 506 349 in
519 334 631 350 misericordia
642 334 702 350 efficax
711 346 716 351 ,
724 335 741 350 iu
753 334 794 350 sub-

188 355 228 371 ditis
239 355 277 376 pius
285 367 290 372 .
298 360 329 371 nec
341 355 364 371 sit
379 356 461 371 inmemor
472 356 518 376 quod
529 361 540 371 a
551 358 569 372 te
580 356 601 371 de
612 356 647 372 suis
658 356 690 372 erit
701 356 750 372 sactis
762 358 793 372 tuo

187 377 250 393 iudicio
267 377 367 393 iudicandus
379 389 384 393 .
397 377 453 393 Huius
472 382 539 398 quoque
553 378 622 393 domine
637 378 747 398 deprecamur
758 390 762 394 .
774 380 794 394 ut

188 404 257 415 munera
267 399 344 420 placatus
356 399 429 420 accipias
436 410 440 415 .
449 401 466 415 et
478 399 557 420 quicquid
569 404 579 415 a
592 402 609 415 te
620 399 688 420 petierit
700 400 795 416 clementer

188 421 264 441 inpertiri
276 421 349 442 digneris
357 433 361 437 .
369 426 402 442 per.

190 486 321 519 OMnipotens
329 489 346 504 et
354 487 447 503 misericors
456 487 498 503 deus
506 487 558 503 totius
565 490 633 503 sanctae
642 487 727 508 religionis
735 488 783 509 origo
789 500 793 504 .

245 509 333 530 omnisque
351 509 459 530 professionis
479 509 496 525 in
515 511 532 525 te
546 512 615 525 aetema
630 509 702 525 saluatio
711 521 715 525 .
726 510 794 531 suscipe

189 531 271 552 propitius
284 534 323 547 uota
334 531 480 551 professionesque
491 530 549 547 famuli
561 531 585 547 tui
597 531 626 552 qui
637 531 659 547 de
669 531 719 547 huius
730 531 794 547 saeculi

189 553 264 569 uanitate
274 555 291 569 et
302 553 369 569 turbine
380 553 402 568 ad
413 555 430 568 te
442 552 518 573 confugit
526 564 530 569 .
539 553 562 568 sit
573 557 664 573 quesumus
673 555 691 569 te
700 553 794 569 adiuuante

188 575 211 591 ab
226 574 272 590 omni
285 575 391 595 negotiorum
405 574 505 590 secularium
520 574 591 595 strepitu
606 576 684 591 exutus.
694 579 705 590 a
719 574 794 591 delecta-

189 596 263 612 tionibus
278 596 412 617 spectaculorum
427 596 530 621 preseutium
545 596 624 612 euulsus.
632 601 643 612 a
655 596 720 612 cunctis
734 597 794 613 mundi

189 618 328 639 occupationibus
340 620 442 634 extraneus
451 618 473 633 ab
485 618 549 638 antiqui
562 618 623 639 lhostis
634 618 698 634 insidiis
711 617 746 640 [sol.
757 622 792 639 155,

189 642 272 661 ereptus.
284 639 347 656 mundo
359 639 398 656 huic
413 642 489 656 mortuus
501 652 505 655 .
516 640 574 655 mundi
589 639 690 656 blandientis
705 640 794 656 inlecebris

189 661 289 678 crucifixus.
295 664 370 677 remotus
381 666 391 677 a
402 662 467 677 cunctis
479 661 560 677 malorum
572 661 712 682 implicamentis.
719 665 794 678 remotus

190 689 201 699 a
212 683 314 699 secularibus
327 683 393 704 pompis
403 695 407 699 .
416 685 490 699 remotus
505 688 516 699 a
531 683 587 704 prauis
601 683 741 699 delectationibus
752 696 756 700 .
768 689 794 700 re-

191 707 246 722 motus
260 710 271 722 a
283 705 375 727 praesentis
387 705 432 722 uitae
443 705 525 726 contagiis
533 718 536 722 .
544 707 618 722 remotus
632 705 654 722 ab
665 705 744 722 omnibus
755 710 793 727 pra-

191 733 250 744 uorum
265 728 360 744 retinaculis
368 740 371 744 .
379 730 453 743 remotus
466 733 477 743 a
489 728 553 744 cunctis
568 728 633 748 antiqui
648 728 702 744 hostis
717 728 794 744 insidiis.

190 750 232 766 doce
240 754 278 765 eum
288 750 356 765 domine
363 749 420 765 omnia
430 750 479 765 huius
491 750 536 765 uitae
547 752 655 765 contemnere
663 754 742 770 prospera
748 761 752 766 .
758 755 793 766 non

189 771 249 787 timere
259 771 340 788 aduersa.
349 771 416 787 iniurias
428 776 462 787 non
475 771 535 787 inferre
542 783 546 787 .
554 771 584 787 sed
598 771 659 787 inlatas
670 772 793 792 aequanimiter

189 793 271 809 tolerare.
280 793 356 809 inimicos
372 793 441 814 diligere
451 805 455 809 .
467 798 498 814 pro
517 793 655 813 persequentibus
673 795 691 809 et
710 793 792 809 calumni-

190 815 258 831 antibus
270 815 366 835 suppliciter
379 815 483 835 deprecare’s
491 827 495 831 .
503 815 526 830 nil
538 815 655 835 concupiscere
666 815 754 831 carnaliter
766 815 794 832 uel

191 836 266 853 ambire.
274 841 308 852 non
323 837 432 857 superborum
446 836 510 852 iniuriis
525 836 604 857 fatigatus
617 836 695 853 deficiat.
704 842 738 853 non
753 842 793 853 eum

191 858 269 879 superbia
276 858 323 874 inflet
330 870 334 875 .
343 863 376 874 non
384 859 434 874 ardor
441 858 522 874 auaritiae
531 858 623 874 inflammet
631 870 635 874 .
643 863 676 874 non
685 863 729 874 uana
739 859 794 879 gloria

190 880 262 900 turpiter
273 880 323 896 iactet
331 892 335 896 .
343 885 376 896 non
388 880 428 901 gula
439 882 469 896 aut
480 880 552 896 ebrietas
567 880 654 901 prepediat
663 892 667 896 .
674 885 707 896 non
723 881 794 897 ambitio

191 903 262 918 uentosa
269 902 358 923 precipitet
364 914 368 918 .
377 907 410 918 non
418 902 468 918 ardor
476 902 562 920 animosae
572 902 685 918 contentionis
692 902 780 918 examinet
788 915 793 919 .

191 928 224 939 non
233 923 334 939 desiderium
342 923 426 939 humanae
433 923 525 945 [opinionis
536 924 590 939 eleuet
597 936 601 939 .
609 928 643 939 non
655 924 690 940 dia-
702 924 736 944 [soL
746 928 792 944 155v.

190 945 239 961 bolus
254 947 313 961 auctor
327 945 425 966 perditionis
439 945 486 961 ledat
501 947 530 961 aut
545 945 620 966 perdat.
632 945 666 962 Sed
681 948 710 965 tue
725 946 794 966 pietatis

190 967 262 983 dextera
273 967 402 983 dementissime
410 968 452 983 deus
458 979 462 983 .
468 972 478 983 a
489 967 554 983 cunctis
565 969 612 983 eruat
623 967 672 983 malis
679 979 683 983 .
691 972 764 988 eumque
776 968 793 984 in

191 989 265 1009 presenti
273 991 290 1005 et
297 989 353 1005 futuro
361 989 417 1005 seculo
425 991 473 1010 prote
486 991 504 1005 at
511 991 562 1009 atque
569 989 651 1009 gubernet
658 1001 662 1005 .
671 991 690 1005 ut
697 991 715 1005 te
722 990 782 1006 timeat
789 1002 794 1006 .

192 1010 266 1026 imitetur
277 1013 294 1027 et
305 1011 365 1031 diligat
372 1023 376 1027 .
384 1010 437 1031 Aperi
446 994 485 1029 eis}
491 1016 557 1026 sensum
564 1013 592 1027 .ut
603 1011 619 1026 in
631 1011 726 1027 diuinarum
734 1012 794 1027 studiis

192 1032 284 1048 litterarum
295 1034 313 1048 te
324 1032 370 1053 legat
381 1033 441 1048 corde.
450 1037 479 1048 ore
490 1035 507 1048 et
514 1037 565 1053 opere
573 1032 674 1048 meditetur.
683 1035 700 1049 et
708 1033 794 1049 intellecta

191 1054 219 1070 die
235 1056 319 1075 noctuque
333 1057 400 1070 seruet.
408 1054 487 1070 caelestia
498 1056 516 1070 et
530 1057 598 1070 aeterna
613 1055 679 1075 sapiat.
687 1057 753 1071 terrena
768 1060 793 1071 re<

191 1076 253 1097 spuet?
264 1078 282 1092 et
292 1076 356 1092 caduca
365 1088 369 1092 .
380 1076 472 1092 oboediens
483 1076 504 1092 sit
518 1078 535 1092 et
550 1076 591 1092 alins
603 1076 675 1092 instruat
682 1088 686 1092 .
694 1076 765 1092 Amicos
776 1079 794 1093 et

191 1097 268 1114 inimicos
280 1103 311 1118 pro
321 1098 345 1114 tui
354 1098 426 1114 nominis
437 1103 495 1114 amore
508 1100 554 1114 amet
564 1100 582 1114 et
592 1098 652 1119 diligat
660 1110 665 1114 .
674 1098 794 1114 Humilitatem

191 1121 208 1135 et
221 1119 303 1135 uilitatem
316 1121 374 1136 teneat
389 1119 456 1140 equae's
472 1122 489 1135 et
501 1121 592 1135 exerceat.
600 1119 722 1136 Castimoniam
734 1123 752 1136 et
763 1125 794 1141 pu-

191 1141 265 1157 dicitiam
278 1141 328 1157 corde
341 1144 358 1157 et
371 1146 440 1162 corpore
451 1141 574 1162 amplectetur†
588 1144 605 1157 et
615 1144 673 1158 teneat
680 1154 685 1158 .
692 1142 793 1158 Patientiam

191 1165 208 1179 et
219 1162 364 1183 longanimitatem
372 1163 450 1184 arripiat.
456 1165 507 1184 atque
514 1163 598 1179 custodiat
606 1175 610 1179 .
619 1163 702 1179 Ieiunium
714 1166 731 1180 et
742 1164 794 1180 absti-

190 1184 265 1201 nentiam
271 1185 339 1201 studeat
346 1185 396 1201 simul
404 1187 421 1201 et
428 1187 474 1201 amet
480 1197 484 1202 .
490 1185 576 1201 Gemiturn
584 1187 602 1201 et
609 1186 701 1201 orationem
709 1185 794 1202 desideret
