925 1425
190 166 206 179 54
346 164 506 177 BENEDICTIONES
513 164 643 177 EPISCOPALES.

213 204 236 220 Et
246 204 276 225 qui
294 203 381 224 quondam
398 203 458 220 leuitas
477 209 524 220 aram
543 206 560 220 et
578 203 705 220 tabernaculum
721 207 796 223 uasaque

191 226 258 241 sacrarii
273 228 340 246 gestare
355 225 506 242 mandasti.hunc
521 225 603 241 famulum
620 228 668 241 tuum
688 225 794 241 altitudinem

191 247 230 263 fidei
245 247 262 263 in
277 247 366 267 ecclesia&
381 247 430 267 tuae†
444 250 512 268 gestare
527 247 615 263 facias.et
629 249 726 263 sanctarum
742 247 795 262 anim-

191 274 238 285 arum
247 269 317 290 dignum
325 270 346 285 ad
355 274 427 290 superna
434 269 505 285 latorem
514 269 595 290 perficias.
616 269 675 285 Amen.

213 291 280 312 Quique
297 291 314 307 in
332 291 412 307 moderna
427 290 465 312 lege
480 290 568 310 huiuseae(
584 290 694 307 ordinationis
710 290 796 311 apostolos

191 316 229 328 tuos
245 313 334 329 decreuisti
348 313 453 329 ordinatores
468 312 545 328 extitisse
555 325 560 328 .
573 312 632 328 horum
647 312 743 333 precamine
757 312 796 327 huie

191 337 230 350 tuae
245 334 340 350 ministrum
356 334 436 350 ecclesiae
452 337 469 350 et
480 334 570 350 benedicas
578 346 582 350 .
590 337 608 350 et
619 334 683 350 idoneis
694 334 724 350 tibi
737 333 797 354 iugiter

191 356 265 372 moribus
277 356 294 372 in
306 356 377 372 ecclesia
388 361 495 377 perseuerare
507 356 594 372 concedas.
623 355 697 377 [Amem]

212 377 270 399 [Quod
282 378 318 398 ipse
329 380 403 399 prestare
414 378 504 398 dignetur.
513 378 560 394 cuius
572 383 647 399 regnum.
710 376 746 399 [fol.
759 380 796 397 72v.

299 472 419 489 BENEmtrrro
431 476 452 489 IN
465 476 606 489 DISSOLUTIONE
617 476 687 488 smom.

192 516 290 549 CHristus
301 517 329 533 dei
341 517 384 533 filius
393 530 396 533 .
405 517 433 538 qui
446 520 472 533 est
484 517 549 533 initium
556 529 560 533 .
566 519 583 533 et
595 517 632 533 finis
640 529 644 533 .
653 517 796 538 complementum

243 539 291 554 uobis
302 539 366 555 tribuat
376 539 457 555 karitatis.
480 539 540 555 Amen.

213 560 236 576 Et
247 560 276 581 qui
290 565 320 576 nos
336 561 357 576 ad
373 561 488 581 expletionem
500 561 549 577 huius
562 561 601 577 fecit
616 561 703 581 peruenire
718 560 783 576 concilii
792 573 796 576 ,

192 581 278 598 absolutos
291 587 321 598 uos
333 582 394 598 efficiat
406 583 428 598 ab
440 583 486 598 omni
499 583 599 603 contagione
611 582 672 598 delicti.
694 582 753 598 Amen.

213 603 242 619 Ab
254 604 300 619 omni
311 606 358 620 reatu
370 604 455 620 liberiores
468 604 523 620 effecti
531 616 536 620 .
544 604 617 620 absoluti
627 604 678 620 etiam
691 609 721 624 per
732 604 796 620 donum

191 625 259 646 spiritus
269 626 323 642 sancti
332 638 335 642 .
343 626 387 642 felici
397 626 452 642 reditu
461 628 554 642 uestrarum
567 626 632 642 sedium
644 626 705 641 cubilia
717 626 796 646 repetatis

191 646 255 663 inlaesi.
276 647 335 663 Amen.

214 669 284 690 Semper
301 669 378 690 proficiat
397 675 437 686 cura
453 672 548 686 uestra.ut
563 669 631 690 quando
647 669 700 685 iudex
716 669 780 685 uenerit
793 682 796 685 .

191 690 260 711 euigilet
279 690 321 707 fides
338 693 409 707 uestra.
423 691 521 713 uigilantiae
541 691 624 713 premium
643 691 665 707 de
683 691 754 707 domino
773 696 797 706 re-

192 715 265 734 ceptura.
287 714 346 730 Amen.

215 735 283 755 Detque
301 735 349 751 uobis
363 738 466 756 potestatem
481 736 579 756 predicandi
597 736 613 751 in
629 735 691 756 populo
703 747 707 751 .
720 737 737 751 et
752 735 797 756 quod

192 756 229 773 aliis
241 762 270 772 ore
282 758 441 777 predicatis.corde
453 763 520 778 semper
532 758 609 774 teneatis.
631 757 691 773 Amen.

215 778 301 795 Exaudiant
319 779 349 795 uds
366 779 445 795 dominus
462 780 479 795 in
494 782 571 800 tempore
588 779 668 795 orationis
687 781 752 795 uestrae
764 790 769 795 .
781 781 798 794 et

193 800 222 816 det
245 800 293 816 uobis
316 801 404 817 consilium
426 801 531 817 rectitudinis
545 813 548 817 .
563 803 582 817 ut
605 801 676 817 euadere
700 800 797 817 mereamini

193 822 301 842 supplileium
314 823 414 839 acherontis.
437 823 496 839 Amen.
728 821 763 844 [sol.
772 826 798 842 73.

215 843 265 864 Quod
278 844 314 864 ipse
325 847 400 865 prestare
411 845 495 865 dignetur.

309 944 428 960 BENEDICTlo
441 948 486 961 POST
497 947 677 960 CONF1RMATIONEM.

196 985 306 1017 BEnedicat
318 986 366 1002 uobis
382 987 491 1008 omnipotens
502 987 581 1003 dominus
597 987 625 1008 qui
639 989 700 1003 cuneta
711 992 733 1003 ex
745 986 798 1002 nihilo

247 1008 310 1024 creauit
321 1020 325 1024 .
337 1011 354 1024 et
369 1008 417 1024 uobis
433 1009 449 1025 in
465 1009 568 1030 baptismate
587 1009 702 1025 remissionem
722 1008 797 1024 omnium

192 1032 299 1049 peccatorum
312 1030 376 1046 tribuit.
400 1030 459 1047 Amen.

215 1050 282 1071 Quique
297 1052 369 1067 eundem
385 1052 462 1073 spiritum
478 1055 555 1068 sanctum
571 1052 587 1068 in
603 1052 656 1073 igneis
673 1052 733 1073 linguis
748 1053 797 1069 disci-

193 1072 236 1093 pulis
248 1073 281 1089 suis
295 1073 354 1089 dedit.
363 1074 415 1094 ipsius
428 1074 546 1090 inlustratione
561 1075 612 1090 corda
624 1077 679 1090 uestra
696 1074 797 1095 perlustret.

192 1096 243 1114 atque
254 1094 270 1110 in
283 1100 331 1111 suurn
345 1101 419 1111 amorem
431 1096 492 1116 iugiter
503 1096 589 1112 accendat.
611 1096 670 1112 Amen.

214 1116 298 1137 Quatinus
318 1117 353 1133 eius
373 1118 418 1133 dono
433 1123 443 1133 a
458 1118 523 1134 cunctis
539 1118 584 1133 uitiis
603 1118 797 1139 emundati.ipsiusque

191 1137 301 1158 opitulatione
312 1139 334 1154 ab
345 1139 423 1155 omnibus
433 1139 565 1156 aduersitatibus
575 1140 651 1156 defensi.
660 1140 742 1160 templum
753 1140 798 1156 illius

191 1159 233 1175 effici
245 1160 347 1177 mereamini.
369 1161 427 1177 Amen.

212 1181 262 1202 Quod
275 1182 311 1202 ipse
323 1185 397 1203 prestare
408 1183 491 1204 dignetur.
