925 1425
182 172 188 181 Ι
190 170 206 185 3⁶
375 170 495 183 BENEBICTIO
508 170 595 183 WRGINIS.

183 210 251 231 spiritus
262 210 355 231 sapientiae
366 212 383 226 et
394 209 498 231 intellecltus
505 222 509 226 .
517 210 585 231 spiritus
595 209 659 226 consilii
673 212 690 226 et
702 209 737 231 [foi.
750 212 787 230 157.

183 231 373 252 fortitudinis.spiritus
389 232 469 248 scientiae
485 234 502 248 et
517 232 596 252 pietatis.
605 231 669 252 repleat
685 234 703 248 te
717 231 787 252 spiritus

184 253 249 270 timoris
267 253 332 270 domini
343 265 348 269 .
359 253 435 274 fragilem
454 253 516 269 solidet
524 265 529 269 .
539 253 631 269 inualidam
651 253 720 269 roboret
729 265 733 269 .
744 253 786 269 uali-

185 275 258 296 damque
276 275 365 291 confirmet
374 287 378 292 .
387 275 452 296 pietate
471 275 533 291 alienet
543 287 547 291 .
557 275 663 291 miseratione
683 277 771 291 conseruet
781 287 785 291 .

186 299 260 313 mentem
279 299 326 318 regat
334 309 337 313 .
346 297 382 313 uias
401 297 462 318 dirigat
471 308 475 313 .
483 296 593 318 cogitationes
611 299 679 313 sanctas
697 297 775 313 institunt
783 308 787 313 ,

185 322 233 335 actus
247 318 317 340 probet.
323 324 374 339 opera
389 318 465 340 perficiat
472 331 476 335 .
482 319 552 335 caritate
567 318 643 338 edificet.
649 318 732 339 sapientia
744 318 788 334 inlu-

187 341 240 357 minet
250 352 255 357 .
264 341 342 356 castitate
365 341 430 356 muniat
439 352 443 357 .
453 340 522 356 scientia
543 340 615 356 instruat
621 352 626 356 .
634 340 667 356 fide
689 340 745 356 firmet
753 352 756 356 .
765 340 787 356 In

187 362 248 378 uirtute
260 362 360 383 multiplicet
368 375 372 379 .
380 363 397 378 in
410 362 500 378 sanctitate
510 362 599 378 sublimet.
608 362 629 378 ad
641 362 738 383 patientiam
751 367 788 383 pre-

187 386 235 405 paret
242 396 246 400 .
254 384 276 400 ad
291 384 415 400 oboedientiam
428 384 490 400 subdat
498 396 501 401 .
510 384 530 400 In
545 384 640 400 humilitate
651 386 746 404 prosternat
753 395 758 400 .
765 384 788 399 ad

187 406 308 422 continentiam
319 406 349 422 det
361 405 476 422 fortitudinem
484 418 488 422 .
496 406 555 422 reddat
570 406 643 421 sobriam
654 418 658 421 .
669 408 746 426 protegat
757 410 788 426 pu—

188 427 243 443 dicam
249 439 253 443 .
260 427 281 443 In
291 427 388 444 infimitate
397 428 454 444 uisitet
461 439 466 444 .
475 428 492 443 in
502 428 559 444 dolore
566 427 638 443 releuet.
647 427 667 443 in
677 427 789 448 temptatione

187 449 252 470 erigat.
261 449 278 465 in
293 449 420 465 conuersatione
434 449 519 465 custodiat
526 461 530 466 .
537 450 555 465 in
569 449 680 470 prosperitate
694 451 778 469 temperet
785 461 789 464 .

188 472 205 487 in
217 471 303 487 iracundia
313 471 380 492 mitiget
387 483 392 487 .
400 471 507 492 iniquitatem
518 471 597 487 emendet
604 483 608 487 .
616 471 694 487 infundat
705 471 776 491 gratiam
785 483 789 486 .

189 493 263 509 remittat
277 492 352 509 offensa.
360 493 423 509 tribuat
437 493 543 513 disciplinam
551 504 556 509 .
566 495 585 509 ut
597 492 623 508 his
636 495 654 509 et
666 492 692 508 his
707 492 790 508 similibus

189 514 278 530 uirtutibus
287 514 330 530 fulta
337 526 341 531 .
349 517 367 531 et
373 515 436 531 sanetis
447 514 525 535 operibus
534 514 623 531 inlustrata
629 526 633 530 .
641 514 670 530 illa
681 519 748 535 semper
754 516 790 530 stu-

188 536 229 552 deas
236 541 286 557 agere
293 541 337 557 quae
344 536 396 557 digna
403 536 445 553 fiant
455 536 480 557 lin
490 536 623 552 remuneratione
630 547 634 552 .
643 536 693 552 illum
701 535 736 557 [sol.
743 540 790 557 157V.

189 558 251 574 habeas
266 560 326 574 testem
342 563 392 579 quem
407 558 484 574 habitura
497 558 515 574 ee
528 558 611 574 iudicem.
619 560 637 574 et
649 560 707 578 apta-re
719 560 739 574 ut
753 562 791 578 pre-

189 579 280 600 fulgentem
294 582 350 601 gestes
362 580 378 596 in
392 585 443 596 manu
456 580 564 600 lampadem.
572 580 654 596 intratura
666 579 723 600 sponsi
737 579 790 595 thala-

189 606 235 617 mum
246 606 323 618 occurras
330 614 334 618 .
341 602 415 618 uenienti
427 607 466 618 curn
480 602 542 622 gaudio
550 614 554 618 .
562 604 579 617 et
592 601 633 617 nihil
647 601 664 617 in
675 604 694 617 te
706 601 790 622 repperiat

189 623 271 639 loetidum
278 635 282 639 .
290 624 331 639 nihil
350 624 437 640 sordidum
444 636 448 640 .
458 623 499 639 nihil
519 623 599 639 incultum
608 635 613 640 .
621 623 662 639 nihil
681 625 778 644 corruptum
786 635 790 638 Δ

189 645 230 661 nihil
241 645 348 661 inhonestum
355 657 359 662 .
367 646 397 662 sed
409 646 476 662 niueam
485 648 502 661 et
513 645 603 661 candidam
613 645 687 661 animum
697 650 791 665 corpusque

189 667 262 682 lucidum
278 669 329 688 atque
347 667 454 688 splendidum
462 679 466 683 .
475 670 494 683 ut
508 672 546 683 cum
561 667 597 683 dies
612 667 640 683 ille
654 667 751 683 tremendus
766 671 792 682 re-

190 688 309 705 munerationis
317 689 398 705 iustorum
406 701 410 705 .
419 689 565 709 retributionisque
573 688 654 705 malorum
663 688 749 704 aduenerit
757 693 790 704 non

190 710 264 727 inueniat
279 711 296 727 in
311 714 329 728 te
341 711 393 728 ultrix
407 711 476 728 flamma
491 711 536 733 quod
550 710 612 731 uret†.
621 711 651 727 sed
666 710 723 727 diuina
738 710 791 731 pietas

189 733 235 753 quod
248 735 317 749 coronet
324 745 328 750 .
336 738 387 754 quarn
400 733 434 750 inm
447 734 464 749 in
477 734 509 749 hoc
520 733 587 749 saeculo
598 733 703 749 conuersatio
714 733 792 753 religiosa

190 755 288 771 mundauit.
298 757 317 771 ut
327 755 400 771 tribunal
411 756 475 772 aeterni
487 755 530 776 regis
542 760 631 771 ascensura
641 755 718 775 celsaque
729 754 793 775 palatia

190 781 228 792 cum
233 776 296 792 eisdem
303 777 380 793 merearis
388 777 483 798 portionem
491 778 519 798 qui
525 779 618 798 sequuntur
623 781 685 797 agnum
691 788 694 792 .
700 779 717 792 et
722 778 792 792 cantant

190 798 274 814 canticum
283 803 345 814 nouum
353 799 390 815 sine
400 799 494 815 cessatione
502 799 541 815 illuc
551 801 650 820 perceptura
660 798 742 819 premium
753 801 793 819 post

191 820 265 836 laborem
273 832 277 836 .
285 825 385 841 semperque
396 826 466 837 maneas
479 821 495 837 in
507 821 594 837 uiuentum
606 821 675 841 reg-ione
682 831 686 836 .
694 822 746 840 atque
756 820 793 841 ipsc

191 842 279 858 benedicat
293 845 311 858 te
326 843 347 858 de
364 843 414 858 caelis
429 843 466 864 lqui
481 848 511 863 per
529 843 582 858 crucis
599 842 694 863 passionem
710 841 746 862 [sol.
757 842 792 862 158.

190 863 282 880 humanum
295 869 348 885 genus
356 867 382 880 est
391 865 471 885 dignatus
479 865 559 880 redimere
570 864 587 880 in
597 864 645 880 terris
655 864 710 880 ihesus
721 863 793 879 christus

190 885 268 901 dominus
279 888 347 902 noster⁴
355 886 383 907 qui
398 891 437 902 cum
454 889 523 902 aeterno
538 888 585 907 patre
600 889 617 902 et
630 886 689 907 spiritu
701 887 760 901 sancto
776 885 793 901 in

190 906 265 923 trinitate
277 907 351 928 perfecta
363 908 405 924 uiuit
416 911 433 924 et
445 910 504 929 regnat
516 908 533 924 in
544 907 604 924 secula.

469 986 484 1002 A
487 987 515 1002 lia.

193 1026 324 1059 OMnipotens
332 1026 454 1047 sempiternae†
462 1026 513 1042 deus.
521 1026 583 1042 adiuua
593 1031 644 1047 quam
652 1027 754 1047 uirginitatis
763 1027 793 1043 no-

248 1053 288 1064 nore
299 1048 378 1069 dignatus
390 1047 408 1064 ές
420 1048 499 1064 decorare
507 1061 510 1064 .
519 1048 590 1069 perferat
601 1048 675 1064 inchoati
686 1049 742 1069 operis
753 1054 793 1065 con-

190 1071 294 1086 summatum
306 1070 384 1086 effectum
392 1082 396 1086 .
404 1073 421 1086 et
430 1073 507 1086 uotorum
515 1075 583 1086 suorum
591 1070 673 1091 expediat
684 1070 780 1087 institutum
788 1083 792 1087 .

191 1091 302 1113 uirginalique
322 1091 381 1108 habitu
400 1091 484 1112 perserat¹
502 1092 533 1108 tibi
552 1092 612 1108 offerat
633 1092 755 1112 plenitudinem
763 1104 767 1109 .
775 1095 793 1108 et

190 1114 239 1130 initia
254 1118 285 1129 sua
300 1113 391 1134 perducere
407 1116 490 1130 mereatur
505 1114 525 1130 ad
543 1114 594 1130 finem
603 1125 607 1130 .
616 1116 635 1130 ut
650 1117 717 1130 matura
731 1115 794 1130 sancti—

190 1135 257 1151 moniae
271 1135 347 1151 cumulet
362 1135 460 1151 merita.et
476 1136 590 1151 centenarium
605 1140 666 1152 munus
682 1136 703 1152 de
719 1136 793 1157 perfecto

189 1156 269 1178 agunae†
280 1157 382 1177 uirginitatis
395 1158 466 1178 accipiat
474 1169 478 1173 .
486 1162 516 1178 per
523 1158 618 1174 dominum.

406 1191 410 1199 ¹
419 1191 476 1208 Pnhnpr
481 1192 501 1204 ror
504 1191 575 1208 pnsmm.
