925 1425
189 176 206 189 88
366 177 494 190 CONSECRATIO
504 177 613 190 AECCLESIAE·

190 217 271 233 crandum
283 217 329 233 uocis
344 219 401 237 nostre
416 219 496 233 exoratus
511 217 660 238 officiotpresenti
674 216 793 232 benedictione

190 238 282 255 sanctificet
294 251 298 255 .
310 241 330 255 ut
347 239 364 255 in
383 244 404 255 eo
418 244 485 259 semper
500 238 594 255 oblationes
609 238 709 255 famulorum
724 242 793 254 suorum

189 260 246 276 studio
261 263 319 280 sancte
333 261 429 277 deuotionis
443 260 526 282 inpositas
543 260 642 276 benedicere
656 262 674 276 et
688 259 794 276 sanctificare

190 282 306 302 dignam-,et
326 282 397 303 spiritali
415 282 492 303 placatus
509 282 577 298 incenso
595 282 670 303 precanti
685 281 749 301 familie
763 286 794 297 sue

190 307 279 325 promptus
292 304 382 320 exauditor
394 304 462 320 assistat
469 317 474 320 .
482 309 512 325 per
523 304 612 320 dominum
624 306 705 320 nostrum.

210 388 272 403 Iterum
284 387 329 404 dicat
335 388 412 409 pontifex
421 393 485 404 oremus
492 400 496 404 .
503 390 519 404 et
529 388 606 404 diaeonus
612 400 616 405 .
620 388 707 409 statamus
715 392 770 408 genua

368 412 387 425 ut
396 412 447 430 supra
455 422 458 426 .
468 410 549 430 Sequitur
558 410 615 426 oratio.

192 451 260 483 DEus
275 452 382 473 omnipotens
397 452 414 468 in
429 452 476 468 cuius
489 452 553 468 honore
566 452 598 468 hoc
611 452 663 468 altare
678 451 710 467 sub
725 451 792 466 inuoca-

245 474 292 490 tione
304 474 376 490 nominis
389 474 414 490 tui
426 474 491 494 indigni
506 479 623 490 consecramus
636 474 710 490 clemens
722 475 740 488 et
754 477 792 493 pro-

189 496 240 517 pitius
252 501 310 516 preces
322 498 379 515 nostre
391 496 491 512 humilitatis
506 496 582 512 exaudi.
591 498 608 512 et
623 497 680 516 presta
694 497 714 511 ut
728 495 745 510 iu
760 494 792 509 hac

190 523 248 534 mensa
259 517 293 533 sint
303 517 334 533 tibi
348 517 429 533 libamina
442 520 512 538 accepta
519 530 523 534 ,
531 518 564 534 sint
577 520 626 538 grata
634 530 638 533 .
647 517 680 533 sint
693 516 763 537 pinguia
775 518 792 531 et

189 539 256 560 spiritus
264 539 318 555 sancti
328 539 353 555 tui
363 544 430 560 semper
437 544 474 555 rore
484 539 551 560 perfusa
557 552 560 556 .
567 542 586 555 ut
594 539 640 555 omni
651 542 728 559 tempore
735 538 752 553 in
760 537 793 553 hoc

189 562 226 577 loco
241 561 351 582 supplicantis
366 561 397 577 tibi
415 561 478 581 familie
493 561 589 577 anxietates
603 559 792 581 releues.egritudines

189 588 236 599 cures
243 595 247 599 .
255 588 312 604 preces
328 582 410 599 exaudias
417 594 422 599 .
430 585 471 599 uota
485 583 567 603 suscipias
575 596 578 599 .
586 583 682 599 desiderata
693 581 792 598 confirmes.

189 604 274 625 postulata
282 604 371 625 (concedas
380 616 384 620 .
393 610 422 625 per
433 605 521 621 dominum
534 607 610 621 nostrum
621 605 687 621 ihesum
699 603 735 625 [sol.
746 606 792 623 107V.

188 626 274 643 christum.

210 711 287 733 Pnsatio
300 715 348 733 super
360 711 414 728 altare
424 724 427 728 .
439 711 522 728 Dumium·
535 711 616 728 uobiscum
627 724 631 729 .
643 711 668 728 Et
681 717 718 728 cum
732 710 792 732 spiritu

188 737 216 750 tua
228 747 231 750 .
246 733 318 750 Sursum
336 734 385 750 corda
397 747 400 750 .
415 734 439 754 ΚΖ,
459 734 544 750 Habemus
564 734 588 750 ad
604 734 688 750 dominum
703 745 707 750 .
724 733 794 750 Gratias

188 761 258 777 agamus
269 756 334 772 domino
345 756 373 772 deo
384 758 439 772 nostra
446 768 450 772 .
459 756 484 776 ΒῙ.
494 756 570 777 Βιζςνηιηι
581 759 598 772 et
607 756 669 772 iustum
681 757 708 772 cet.

189 807 234 840 Θ
249 805 312 821 Eteme
328 805 370 821 deus
379 817 382 821 .
392 805 418 821 Ut
431 805 535 825 propensiori
548 810 588 821 cum
603 807 620 821 et
636 805 722 821 attentiori
738 804 792 820 samu—

255 826 291 842 latu
300 839 305 843 .
313 826 343 843 tibi
361 827 446 843 seruitutis
465 826 519 842 officia
537 826 632 843 deseramus
640 838 645 843 .
653 827 686 842 hoc
704 826 791 847 presertim

189 848 206 864 in
218 850 293 869 tempore
305 853 339 869 quo
350 848 464 869 religiosarum
476 848 558 864 mentium
570 848 666 864 habiturum
679 848 790 864 reuerentiam

189 870 242 886 altare
260 870 357 886 dedicamus
370 882 374 886 .
387 870 462 891 Dignare
482 870 532 891 igitur
554 870 650 886 dominator
671 870 740 886 domine
759 870 791 885 hoc

189 896 280 912 quesumus
298 892 351 908 altare
370 892 427 908 celesti
443 891 576 908 sanctificatione
591 892 690 913 perfundere
705 894 722 908 et
741 891 792 907 benc-

189 913 283 930 dicere.ut
299 914 354 929 sancti
372 914 440 934 spiritus
455 913 573 929 inlustratione
588 914 682 934 prefulgeat
691 925 696 929 .
705 913 731 930 Sit
747 913 791 929 illius

189 940 257 956 quoque
271 936 316 956 apud
331 937 349 951 te
362 936 416 956 gratie
428 935 475 951 cuius
487 935 519 951 suit
532 935 573 951 illud
588 935 634 956 quod
649 935 729 951 abraham
743 937 792 956 pater

188 956 227 972 fidei
240 959 296 977 nostre
309 957 361 973 filium
376 957 493 973 immolaturus
507 957 584 973 extruxit
592 969 596 974 .
604 958 650 978 quod
663 957 707 973 isaac
721 957 738 973 iu
751 962 791 973 eou-

188 981 246 999 spectu
259 981 288 998 tue
303 979 395 995 maiestatis
410 979 546 999 instituit.quod
562 979 611 995 iacob
625 979 712 995 dominum
728 984 791 1000 magna

189 1000 248 1016 uidens
263 1000 328 1016 uisiune
343 1001 410 1016 erexit.
423 1000 448 1017 Ut
463 1001 491 1017 hic
506 1003 572 1017 orantes
587 1001 669 1017 exaudias
678 1013 682 1017 .
691 1001 718 1017 hic
733 1001 791 1017 oblata

188 1022 283 1038 sanctifices
290 1035 294 1038 .
303 1022 363 1043 hicque
375 1023 482 1043 superposita
495 1022 586 1039 benedicas
593 1035 598 1038 .
607 1023 652 1038 Hinc
665 1023 728 1043 quippe
739 1022 790 1039 bene-

188 1044 234 1060 dicta
247 1044 336 1060 distribuas
344 1056 348 1060 .
357 1044 384 1061 Sit
397 1049 437 1065 ergo
450 1044 510 1064 eclesie
523 1047 552 1064 tue
563 1044 622 1060 titulus
635 1045 747 1065 sempiternus
756 1057 760 1060 .
769 1045 791 1060 sit

189 1065 256 1085 mense¹
268 1066 325 1082 celesti
336 1066 440 1087 spiritalique
456 1066 535 1082 conuiuio
550 1069 609 1087 parata
619 1078 624 1082 .
633 1069 651 1082 tu
663 1066 708 1082 enirn
722 1066 791 1082 domine

186 1088 254 1108 proprio
266 1093 295 1104 ore
307 1090 336 1104 tuo
349 1088 412 1104 hostias
424 1093 475 1109 super
489 1093 526 1104 eam
539 1087 628 1109 [inpositas
641 1088 692 1104 bene-
708 1087 743 1109 [sol.
754 1088 790 1104 108.

186 1109 238 1125 dicito
246 1122 250 1126 .
259 1111 276 1125 et
288 1109 376 1126 benedicta
387 1110 468 1130 suscipito
476 1122 480 1126 .
488 1113 539 1130 atque
551 1110 600 1126 nobis
613 1110 691 1126 omnibus
703 1110 758 1125 tribue
771 1113 790 1126 ut

186 1131 314 1152 participatione
335 1132 370 1147 eius
393 1132 445 1147 uitam
470 1132 579 1152 adquiramus
605 1132 724 1152 sempiternam
739 1143 743 1147 .
760 1136 790 1152 per

185 1153 277 1169 dominum.

441 1200 444 1208 ·
453 1200 476 1217 lag.
484 1204 531 1213 mm
