3082 5076
559 352 876 402 BENEBICTIONES
895 352 1155 403 EPISCOPALES.

297 892 553 976 [[0]mnipotens¹
576 897 650 956 deus
678 896 730 974 qui
756 897 939 974 unigenitum
962 898 1055 956 filium
1080 917 1165 957 suum
1190 898 1270 957 misit
1299 899 1328 957 in
1350 896 1412 978 [sol.
1436 915 1463 974 7.

255 977 338 1037 terris
353 979 383 1036 in
404 978 628 1038 similitudinem
649 978 745 1038 carnis
766 981 881 1055 peccati
897 980 982 1055 ‚ipse
1004 998 1058 1039 uos
1072 981 1208 1039 absoluat
1228 981 1267 1039 ab
1288 980 1371 1040 omni
1391 1000 1464 1040 con·

228 1059 375 1136 .tagione
397 1060 506 1119 delicti.
547 1062 650 1120 Amen.

299 1143 337 1199 Et
358 1141 409 1218 qui
426 1160 495 1201 eum
516 1141 746 1216 patriarcharum
763 1141 924 1219 presagiis.
942 1144 1151 1217 prophetarum
1171 1143 1297 1201 oraculis
1312 1189 1318 1202 .
1331 1141 1465 1219 angelica

256 1222 458 1282 allocutione.
475 1220 564 1282 secit¹
585 1222 762 1298 predicere³
777 1267 784 1283 .
800 1243 854 1283 uos
879 1223 943 1282 eius
963 1223 1148 1282 natiuitatem
1163 1242 1295 1301 congruo
1310 1224 1464 1301 preuenire

257 1305 371 1362 honore
393 1314 423 1363 et
444 1304 613 1363 uenientem
635 1304 725 1382 digna
739 1304 851 1363 saciat²
871 1305 1021 1364 celebrare
1042 1304 1211 1364 deuotione.
1255 1307 1358 1366 Amen.

298 1385 406 1462 Sicque
441 1404 509 1444 eum
540 1386 578 1444 ab
615 1385 697 1444 omni
730 1387 818 1445 sorde
853 1386 989 1445 inmunes
1024 1386 1210 1461 suscipiatis.
1228 1397 1261 1446 ut
1294 1386 1464 1446 uenientem

257 1464 386 1526 iudicem
408 1467 502 1525 securi
524 1466 659 1527 uideatis.
703 1470 807 1526 Amen.

299 1548 391 1622 Quod
412 1548 485 1623 ipse.

300 1702 430 1786 [D]eus¹
446 1707 497 1783 qui
518 1708 597 1764 hunc
618 1705 713 1765 diem⁴
727 1705 871 1764 incarnati
893 1704 977 1764 uerbi
998 1706 1064 1764 luce
1080 1705 1149 1765 fecit
1163 1707 1373 1781 splendescere
1388 1751 1395 1766 .
1411 1723 1466 1764 uos

257 1787 364 1864 sugatis
385 1787 515 1847 tenebris
537 1787 677 1846 uirtutum
698 1789 764 1847 luce
785 1787 873 1846 faciat
895 1787 1018 1846 radiare.
1060 1787 1163 1847 Amen.

299 1868 418 1930 Oriatur
442 1869 472 1927 in
493 1869 581 1928 uobis
601 1887 689 1928 uerus
709 1870 755 1928 sol
776 1868 909 1928 iusticiae
926 1914 932 1928 .
947 1879 979 1928 ut
999 1869 1039 1927 ad
1061 1868 1170 1945 gaudia
1189 1868 1368 1944 perueniatis
1385 1867 1468 1926 clari·

258 1949 326 2010 tatis
347 1961 457 2026 eterne.
499 1949 604 2010 Amen.

299 2031 458 2108 Dominice
488 2031 649 2090 natiuitatis
672 2032 849 2107 sollempnia
872 2031 915 2091 sic
935 2051 1035 2090 annua
1056 2031 1217 2090 deuotione
1242 2030 1397 2090 celebretis
1413 2075 1420 2090 .
1436 2041 1469 2088 ut

257 2112 298 2171 ad
318 2132 354 2172 ea
375 2132 433 2190 que
457 2131 519 2172 non
543 2122 611 2171 sunt
633 2131 731 2172 annua
755 2113 810 2172 sed
836 2113 978 2172 continua
1007 2112 1132 2172 feliciter
1156 2113 1311 2189 peruenire
1339 2110 1468 2187 possitis,

258 2194 360 2254 Amen.

300 2277 392 2352 Quod
413 2276 476 2351 ipse
498 2286 627 2351 prestare
648 2274 807 2353 dignetur.⁶

293 2544 301 2573 ¹
319 2542 376 2592 The
387 2542 481 2619 initials
493 2541 523 2592 os
531 2541 600 2593 these
611 2542 695 2592 words
706 2541 770 2592 have
781 2541 846 2592 been
864 2541 909 2592 lest
926 2543 964 2592 sor
982 2543 1024 2592 the
1041 2543 1180 2593 rubricator
1197 2552 1224 2594 to
1241 2544 1326 2607 insert,
1340 2545 1390 2594 and
1407 2545 1470 2594 have

260 2616 305 2702 noi
316 2608 568 2737 kiiciiieiisiiiireriiigirr
899 2675 909 2704 ³
928 2673 1039 2739 Perhaps
1049 2673 1088 2723 sor
1099 2674 1203 2739 predici,
1217 2690 1246 2725 or
1257 2674 1295 2724 sor
1323 2675 1436 2725 redicari.

293 2740 302 2766 ⁴
320 2739 413 2787 Added
423 2737 505 2788 above
515 2739 576 2789 line.
900 2741 910 2768 ⁵
928 2741 982 2790 The
993 2755 1068 2790 verso
1079 2744 1104 2789 οί
1116 2739 1161 2789 sol.
1177 2753 1190 2802 7
1202 2740 1223 2789 is
1234 2740 1279 2790 lest
1292 2691 1379 2790 biauk.
